@article{steinhauser2009nature,
  title={The nature of navel fluff},
  author={Steinhauser, Georg},
  journal={Medical hypotheses},
  volume={72},
  number={6},
  pages={623--625},
  year={2009},
  publisher={Elsevier}
}